@MISC{HA,
	HOWPUBLISHED = "\url{https://docs.gitlab.com/ce/administration/high_availability/}",
	TITLE = "High Availability",
	NOTE = "Acedido em 22 de outubro de 2018"
}

@MISC{arch,
	HOWPUBLISHED = "\url{https://docs.gitlab.com/ce/development/architecture.html}",
	TITLE = "GitLab Architecture Overview",
	NOTE = "Acedido em 20 de outubro de 2018"
}

@MISC{configDB,
	HOWPUBLISHED = "\url{https://docs.gitlab.com/ce/administration/high_availability/database.html}",
	TITLE = "Configuring a Database for GitLab HA",
	NOTE = "Acedido em 29 de outubro de 2018"
}

@MISC{configRedis,
	HOWPUBLISHED = "\url{https://docs.gitlab.com/ce/administration/high_availability/redis.html}",
	TITLE = "Configuring Redis for GitLab HA",
	NOTE = "Acedido em 29 de outubro de 2018"
}

@MISC{configNFS,
	HOWPUBLISHED = "\url{https://docs.gitlab.com/ce/administration/high_availability/nfs.html}",
	TITLE = "NFS",
	NOTE = "Acedido em 29 de outubro de 2018"
}

@MISC{configGitlab,
	HOWPUBLISHED = "\url{https://docs.gitlab.com/ce/administration/high_availability/gitlab.html}",
	TITLE = "Configuring GitLab for HA",
	NOTE = "Acedido em 29 de outubro de 2018"
}

@MISC{configLB,
	HOWPUBLISHED = "\url{https://docs.gitlab.com/ce/administration/high_availability/load_balancer.html}",
	TITLE = "Load Balancer for GitLab HA",
	NOTE = "Acedido em 29 de outubro de 2018"
}

@MISC{configRedis2,
	HOWPUBLISHED = "\url{https://docs.gitlab.com/ce/administration/high_availability/redis_source.html}",
	TITLE = "Configuring non-Omnibus Redis for GitLab HA",
	NOTE = "Acedido em 29 de outubro de 2018"
}

@MISC{configNFS2,
	HOWPUBLISHED = "\url{https://docs.gitlab.com/ee/administration/high_availability/nfs_host_client_setup.html}",
	TITLE = "Configuring NFS for GitLab HA",
	NOTE = "Acedido em 29 de outubro de 2018"
}

@MISC{performance,
	HOWPUBLISHED = "\url{https://about.gitlab.com/handbook/engineering/performance/}",
	TITLE = "Performance",
	NOTE = "Acedido em 5 de novembro de 2018"
}

@MISC{gitlabCTDT,
	HOWPUBLISHED = "\url{https://delftswa.gitbooks.io/desosa2016/content/gitlab/chapter.html}",
	TITLE = "GitLab: Code, Test & Deploy Together",
	NOTE = "Acedido em 5 de novembro de 2018"
}

@MISC{apache,
	HOWPUBLISHED = "\url{https://ryansechrest.com/2015/08/use-apache-instead-of-built-in-nginx-in-gitlab-ce/}",
	TITLE = "Use Apache instead of built-in Nginx in GitLab CE",
	NOTE = "Acedido em 21 de dezembro de 2018"
}

@MISC{StRep,
	HOWPUBLISHED = "\url{https://wiki.postgresql.org/wiki/Streaming_Replication}",
	TITLE = "Streaming Replication",
	NOTE = "Acedido em 23 de dezembro de 2018"
}

@MISC{HotSt,
	HOWPUBLISHED = "\url{https://wiki.postgresql.org/wiki/Hot_Standby}",
	TITLE = "Hot Standby",
	NOTE = "Acedido em 23 de dezembro de 2018"
}

@MISC{archGluster,
	HOWPUBLISHED = "\url{https://gluster.readthedocs.io/en/latest/Quick-Start-Guide/Architecture/}",
	TITLE = "Architecture",
	NOTE = "Acedido em 23 de dezembro de 2018"
}

@MISC{floatIP,
	HOWPUBLISHED = "\url{https://cloud.google.com/solutions/best-practices-floating-ip-addresses}",
	TITLE = "Best Practices for Floating IP Addresses",
	NOTE = "Acedido em 18 de dezembro de 2018"
}

@MISC{blazeM,
	HOWPUBLISHED = "\url{https://www.blazemeter.com/blog/how-perform-stress-test-jmeter}",
	TITLE = "How to Run a Stress Test in JMeter",
	NOTE = "Acedido em 24 de dezembro de 2018"
}

@MISC{stressT,
	HOWPUBLISHED = "\url{https://www.guru99.com/jmeter-performance-testing.html}",
	TITLE = "How to Use JMeter for Performance \& Load Testing",
	NOTE = "Acedido em 26 de dezembro de 2018"
}

@MISC{perfTest,
	HOWPUBLISHED = "\url{https://www.guru99.com/performance-testing.html}",
	TITLE = "Performance Testing Tutorial: What is, Types, Metrics \& Example",
	NOTE = "Acedido em 26 de dezembro de 2018"
}

@MISC{stressTest,
	HOWPUBLISHED = "\url{https://www.guru99.com/stress-testing-tutorial.html}",
	TITLE = "What is STRESS Testing in Software Testing? Tools, Types, Examples",
	NOTE = "Acedido em 26 de dezembro de 2018"
}

@MISC{keepalivedConf,
	HOWPUBLISHED = "\url{https://syedali.net/2014/03/08/high-availability-using-keepalived/}",
	TITLE = "High Availability using Keepalived",
	NOTE = "Acedido em 26 de dezembro de 2018"
}

@MISC{keepalivedNg,
	HOWPUBLISHED = "\url{https://docs.nginx.com/nginx/admin-guide/high-availability/ha-keepalived-nodes/}",
	TITLE = "Configuring Active-Active High Availability and Additional Passive Nodes with keepalived",
	NOTE = "Acedido em 26 de dezembro de 2018"
}

@MISC{genDash,
	HOWPUBLISHED = "\url{https://jmeter.apache.org/usermanual/generating-dashboard.html}",
	TITLE = "Generating Report Dashboard",
	NOTE = "Acedido em 26 de dezembro de 2018"
}

@MISC{er422,
	HOWPUBLISHED = "\url{https://httpstatuses.com/422}",
	TITLE = "422 Unprocessable Entity",
	NOTE = "Acedido em 27 de dezembro de 2018"
}